@book{libro1,
	author = {Hagan, M. T. and Demuth, H. B. and Beale, M. H. and De Jes√∫s O.},
	title = {Neural Network Design},
	year = {2014},
	language = {English},
	edition = {2st},
	isbn = {0-9717321-1-6},
	pagetotal = {1012},
}

@misc{pdf,
    title = {Perceptron Multicapa},
    year = {2009},
    author = {Gonzales, M. F.},
    publisher = {Varpa Research Group},
    howpublished = {\url{http://www.varpa.org/~mgpenedo/cursos/scx/archivospdf/Tema4-0.pdf}},
    note = {Consultado: 2017-12-10}
    
}