@book{libro1,
	author = {Hagan, M. T. and Demuth, H. B. and Beale, M. H. and De Jes√∫s O.},
	title = {Neural Network Design},
	year = {2014},
	language = {English},
	edition = {2st},
	isbn = {0-9717321-1-6},
	pagetotal = {1012},
}

@misc{pagina,
    title = {Aprendizaje Widrow-Hoff},
    year = {2015},
    author = {Fontana, C.},
    publisher = {Slideplayer},
    howpublished = {\url{http://slideplayer.es/slide/2914223/}},
    note = {Consultado: 2017-11-04}
    
}

@misc{otro,
    title = {ADALINE y Perceptron},
    year = {2009},
    author = {Gonzales, M. F.},
    publisher = {Varpa Research Group},
    howpublished = {\url{http://slideplayer.es/slide/2914223/}},
    note = {Consultado: 2017-11-4}
    
}
@misc{hammi,
    title = {Fixed Weight Competitive Nets: Hamming Net},
    year = {2007},
    author = {Ming, K.},
    publisher = {POLYTECHNIC UNIVERSITY Department of Computer and Information Science},
    howpublished = {\url{http://cis.poly.edu/~mleung/CS6673/s09/HammingNet.pdf}},
    note = {Consultado: 2017-11-5}
    
}


